@book{CGとゲームの技術,
  title     = {CGとゲームの技術 （メディア学大系）},
  author    = {三上 浩司 and 渡辺 大地},
  editor    = {},
  publisher = {コロナ社},
  year      = {2016},
  edition   = {},
  series    = {メディア学大系},
  volume    = {},
  isbn      = {},
  url       = {https://elib.maruzen.co.jp/elib/html/BookDetail/Id/3000042255/}
}
@book{2020新明解国語辞典,
  title     = {新明解国語辞典},
  isbn      = {9784385130781},
  url       = {https://books.google.co.jp/books?id=61oKzgEACAAJ},
  year      = {2012},
  publisher = {三省堂}
}
@misc{色覚の異常,
  author       = {株式会社 三和化学研究所},
  howpublished = {\url{https://www.skk-net.com/health/me/c01_13.html}},
  title        = {色覚の異常},
  year         = {Confirmation date: May 28th, 2023}
}
@misc{色覚が変化するとどのように色が見えるのか,
  author       = {秀潤社},
  howpublished = {\url{https://www.nig.ac.jp/color/barrierfree/barrierfree2-2.html}},
  title        = {色覚が変化すると，どのように色が見えるのか？〜赤緑色盲の人にはどのように色が見えるのか〜},
  year         = {Confirmation date: May 28th, 2023}
}
@misc{色覚が変化するとどのように色が見えるのか2,
  author       = {秀潤社},
  howpublished = {\url{https://www.nig.ac.jp/color/barrierfree/barrierfree2-1.html}},
  title        = {色覚が変化すると，どのように色が見えるのか？〜ヒトの色覚と先天色盲について〜},
  year         = {Confirmation date: May 28th, 2023}
}
@misc{ガイドライン,
  author       = {藤枝市},
  howpublished = {\url{https://www.city.fujieda.shizuoka.jp/material/files/group/109/Coloruniversaldesignguideline.pdf}},
  title        = {視覚情報のためのカラーユニバーサルデザインガイドライン},
  year         = {Confirmation date: May 29th, 2023}
}
@misc{XML文書とDOM,
  author       = {東京電機大学},
  howpublished = {\url{https://www.mlab.im.dendai.ac.jp/~yamada/web/xml/dom/}},
  title        = {{XML}文書と{DOM}},
  year         = {Confirmation date: May 29th, 2023}
}
@misc{webglみずほ,
  author       = {みずほリサーチ\&テクノロジーズ},
  howpublished = {\url{https://www.mizuho-rt.co.jp/solution/research/telecom/system/webgl/index.html}},
  title        = {{WebGL}を用いた三次元表示Webアプリケーション開発},
  year         = {Confirmation date: May 29th, 2023}
}
@misc{OpenGL入門,
  author       = {吉本 富士市 教授 and 呉 海元 助教授},
  howpublished = {\url{http://web.wakayama-u.ac.jp/~wuhy/GSS/01.html}},
  title        = {{Open GL} 入門},
  year         = {Confirmation date: May 29th, 2023}
}
@misc{three.js,
  author       = {\textbf{\texttt{moz://a}}},
  howpublished = {\url{https://developer.mozilla.org/en-US/docs/Glossary/Three_js}},
  title        = {three.js},
  year         = {Confirmation date: May 29th, 2023}
}