@book{CGとゲームの技術,
  title     = {CGとゲームの技術 （メディア学大系）},
  author    = {三上 浩司 and 渡辺 大地},
  editor    = {},
  publisher = {コロナ社},
  year      = {2016},
  edition   = {},
  series    = {メディア学大系},
  volume    = {},
  isbn      = {},
  url       = {https://elib.maruzen.co.jp/elib/html/BookDetail/Id/3000042255/}
}
@book{HTML5CSS3,
  title     = {HTML5 \& CSS3ポケットリファレンス （Pocket reference）},
  author    = {},
  editor    = {},
  publisher = {技術評論社},
  year      = {2014},
  edition   = {},
  series    = {Pocket reference},
  volume    = {},
  isbn      = {},
  url       = {https://elib.maruzen.co.jp/elib/html/BookDetail/Id/3000032784/}
}
