@book{美感,
  title     = {美感 ―感と知の統合―（シリーズ統合的認知）},
  author    = {三浦佳世 and 川畑秀明 and 横澤一彦},
  editor    = {},
  publisher = {勁草書房},
  year      = {2018},
  edition   = {},
  series    = {シリーズ統合的認知},
  volume    = {},
  isbn      = {},
  url       = {https://elib.maruzen.co.jp/elib/html/BookDetail/Id/3000072164/}
}
@article{潜在呈示した情報が選択判断時の視線の動きに与える影響,
  title   = {潜在呈示した情報が選択判断時の視線の動きに与える影響},
  author  = {田根 健吾 and 道又 爾},
  journal = {基礎心理学研究},
  volume  = {advpub},
  number  = { },
  pages   = {35.1},
  year    = {2016},
  doi     = {10.14947/psychono.35.1}
}
@article{心理物理測定法,
  author    = {中野, 靖久},
  title     = {心理物理測定法},
  journal   = {VISION},
  issn      = {0917-1142},
  publisher = {日本視覚学会},
  year      = {1995},
  volume    = {7},
  number    = {1},
  pages     = {17-27},
  doi       = {10.24636/vision.7.1_17},
  url       = {https://cir.nii.ac.jp/crid/1390001288131750016}
}
@article{視覚探索,
  author    = {熊田, 孝恒},
  title     = {視覚探索},
  journal   = {心理学評論},
  issn      = {03861058},
  publisher = {心理学評論刊行会},
  year      = {2003},
  volume    = {46},
  number    = {3},
  pages     = {426-443},
  doi       = {10.24602/sjpr.46.3_426},
  url       = {https://cir.nii.ac.jp/crid/1390282763106400128}
}
@book{Pythonで学ぶあたらしい統計学の教科書,
  title     = {Pythonで学ぶあたらしい統計学の教科書},
  author    = {馬場真哉},
  editor    = {},
  publisher = {翔泳社},
  year      = {2018},
  edition   = {},
  series    = {},
  volume    = {},
  isbn      = {},
  url       = {https://elib.maruzen.co.jp/elib/html/BookDetail/Id/3000058368/}
}
@article{4視覚探索,
  title   = {4. 視覚探索},
  author  = {横澤 一彦 and 熊田 孝恒},
  journal = {テレビジョン学会誌},
  volume  = {48},
  number  = {12},
  pages   = {1509-1515},
  year    = {1994},
  doi     = {10.3169/itej1978.48.1509}
}
@book{応用解析と情報数学,
  title     = {応用解析と情報数学 （電気・電子・情報系の基礎数学）},
  author    = {安藤豊 and 大澤秀雄},
  editor    = {},
  publisher = {東京電機大学出版局},
  year      = {1993},
  edition   = {},
  series    = {電気・電子・情報系の基礎数学},
  volume    = {},
  isbn      = {},
  url       = {https://elib.maruzen.co.jp/elib/html/BookDetail/Id/3000001281/}
}
