@book{音響工学理論基礎,
  title     = {音響工学基礎論},
  author    = {飯田 ー博},
  editor    = {},
  publisher = {コロナ社},
  year      = {2012},
  edition   = {},
  series    = {},
  volume    = {},
  isbn      = {},
  url       = {https://elib.maruzen.co.jp/elib/html/BookDetail/Id/3000017687/}
}
@book{信号処理,
  title     = {よくわかる信号処理 ―フーリエ解析からウェーブレット変換まで―},
  author    = {和田 成夫},
  editor    = {},
  publisher = {森北出版},
  year      = {2009},
  edition   = {},
  series    = {},
  volume    = {},
  isbn      = {},
  url       = {https://elib.maruzen.co.jp/elib/html/BookDetail/Id/3000032943/}
}
@misc{witenoise,
  author       = {日本機械学会 機械工学事典},
  howpublished = {\url{https://www.jsme.or.jp/jsme-medwiki/doku.php?id=13:1010098}},
  title        = {白色雑音},
  year         = {2017}
}
@inproceedings{barbu2013variational,
  title        = {Variational image denoising approach with diffusion porous media flow},
  author       = {Barbu, Tudor},
  booktitle    = {Abstract and Applied Analysis},
  volume       = {2013},
  year         = {2013},
  organization = {Hindawi}
}
@misc{matlab_randn,
  author       = {MathWorks},
  howpublished = {\url{https://jp.mathworks.com/help/matlab/math/random-numbers-with-specific-mean-and-variance.html}},
  title        = {指定の平均値と分散を持つ正規分布からの乱数},
  year         = {Confirmation date: May 6th, 2023}
}
@book{2019matlabで学ぶ実践画像,
  title     = {MATLABで学ぶ実践画像・音声処理入門},
  author    = {花泉弘 and 小泉悠 and 伊藤克},
  isbn      = {9784339009255},
  url       = {https://books.google.co.jp/books?id=1509yQEACAAJ},
  year      = {2019},
  publisher = {コロナ社}
}
@misc{matlab_rand,
  author       = {Mathworks},
  howpublished = {\url{https://jp.mathworks.com/help/matlab/ref/rand.html}},
  title        = {\texttt{rand}},
  year         = {Confirmation date: May 6th, 2023}
}
@book{かたち創造の百科事典,
  title     = {かたち創造の百科事典},
  author    = {岩田 修一 （総監修）},
  editor    = {},
  publisher = {丸善出版},
  year      = {2012},
  edition   = {},
  series    = {},
  volume    = {},
  isbn      = {},
  url       = {https://elib.maruzen.co.jp/elib/html/BookDetail/Id/3000003108/}
}
@book{感覚知覚心理学,
  title     = {感覚知覚心理学 （朝倉心理学講座）},
  author    = {海保 博之（監修） and 菊地 正（編）},
  editor    = {},
  publisher = {朝倉書店},
  year      = {2008},
  edition   = {},
  series    = {朝倉心理学講座},
  volume    = {},
  isbn      = {},
  url       = {https://elib.maruzen.co.jp/elib/html/BookDetail/Id/3000002919/}
}
@misc{ミッシング・ファンダメンタル_NTTi,
  author       = {NTT Communication Science Laboratories},
  howpublished = {\url{https://illusion-forum.ilab.ntt.co.jp/missing-fndamental/index.html}},
  title        = {ミッシング・ファンダメンタル},
  year         = {Confirmation date: May 6th, 2023}
}
@book{音声音響インタフェース実践,
  title     = {音声音響インタフェース実践 （メディア学大系）},
  author    = {相川 清明 and 大渕 康成},
  editor    = {},
  publisher = {コロナ社},
  year      = {2017},
  edition   = {},
  series    = {メディア学大系},
  volume    = {},
  isbn      = {},
  url       = {https://elib.maruzen.co.jp/elib/html/BookDetail/Id/3000052319/}
}
@article{マスキングと騒音対策,
  author    = {桑野 園子},
  title     = {マスキングと騒音対策},
  journal   = {騒音制御},
  issn      = {03868761},
  publisher = {公益社団法人 日本騒音制御工学会},
  year      = {2005},
  volume    = {29},
  number    = {4},
  pages     = {241-246},
  doi       = {10.11372/souonseigyo1977.29.241},
  url       = {https://cir.nii.ac.jp/crid/1390001204767620992}
}
@misc{AI音声認識とは,
  author       = {Human Science Co., Ltd.},
  howpublished = {\url{https://www.science.co.jp/annotation_blog/32604/}},
  title        = {AI音声認識とは},
  year         = {Confirmation date: May 6th, 2023}
}