@book{音響工学理論基礎,
  title     = {音響工学基礎論},
  author    = {飯田 ー博},
  editor    = {},
  publisher = {コロナ社},
  year      = {2012},
  edition   = {},
  series    = {},
  volume    = {},
  isbn      = {},
  url       = {https://elib.maruzen.co.jp/elib/html/BookDetail/Id/3000017687/}
}
@book{信号処理,
  title     = {よくわかる信号処理 ―フーリエ解析からウェーブレット変換まで―},
  author    = {和田 成夫},
  editor    = {},
  publisher = {森北出版},
  year      = {2009},
  edition   = {},
  series    = {},
  volume    = {},
  isbn      = {},
  url       = {https://elib.maruzen.co.jp/elib/html/BookDetail/Id/3000032943/}
}