@misc{画像フィルタ,
  author       = {ヴィスコ・テクノロジーズ株式会社},
  howpublished = {\url{https://www.visco-tech.com/newspaper/column/detail19/}},
  title        = {画像フィルタ\ 〜より容易な血管検出のために（前編）},
  year         = {Confirmation date: May 9th, 2023}
}
@book{画像処理,
  title     = {画像処理 （未来へつなぐデジタルシリーズ = Connection to the future with digital series）},
  author    = {大町 真一郎 and 陳 謙 and 大町 方子},
  editor    = {},
  publisher = {共立出版},
  year      = {2014},
  edition   = {},
  series    = {未来へつなぐデジタルシリーズ = Connection to the future with digital series},
  volume    = {},
  isbn      = {},
  url       = {https://elib.maruzen.co.jp/elib/html/BookDetail/Id/3000026814/}
}
@misc{rgb2hsv,
  author       = {MathWorks},
  howpublished = {\url{https://jp.mathworks.com/help/matlab/ref/rgb2hsv.html#d124e1239127}},
  title        = {rgb2hsv},
  year         = {Confirmation date: May 13th, 2023}
}
@phdthesis{方位残効と運動残効のメカニズム,
  title  = {方位残効と運動残効のメカニズム},
  author = {中島 悠介},
  school = {早稲田大学},
  year   = {2017},
  url    = {https://ci.nii.ac.jp/naid/500001045171}
}
@book{認知心理学辞典,
  title     = {認知科学辞典},
  author    = {日本認知科学会 編},
  editor    = {},
  publisher = {共立出版},
  year      = {2002},
  edition   = {},
  series    = {},
  volume    = {},
  isbn      = {},
  url       = {https://elib.maruzen.co.jp/elib/html/BookDetail/Id/3000002255/}
}
@misc{テクスチャ解析,
  author       = {MathWorks},
  howpublished = {\url{https://jp.mathworks.com/help/images/texture-analysis-1.html#}},
  title        = {テクスチャ解析},
  year         = {Confirmation date: May 22th, 2023}
}
@article{顔画像からの個人識別,
  title   = {顔画像からの個人識別},
  author  = {栗田 多喜夫 and 長谷川 修},
  journal = {映像情報メディア学会誌},
  volume  = {51},
  number  = {8},
  pages   = {1132-1135},
  year    = {1997},
  doi     = {10.3169/itej.51.1132}
}
@book{人間の運動学,
  title     = {人間の運動学 ―ヒューマン・キネシオロジー―},
  author    = {宮本 省三 and 八坂 一彦 and 平谷 尚大 他},
  editor    = {},
  publisher = {協同医書出版社},
  year      = {2016},
  edition   = {},
  series    = {},
  volume    = {},
  isbn      = {},
  url       = {https://elib.maruzen.co.jp/elib/html/BookDetail/Id/3000060371/}
}
@inproceedings{オプティカルフローを用いた画像中の野鳥検出,
  title        = {オプティカルフローを用いた画像中の野鳥検出},
  author       = {久保山裕 and 三田長久 and 吉岡俊英},
  booktitle    = {IEICE Conferences Archives},
  year         = {2007},
  organization = {The Institute of Electronics, Information and Communication Engineers}
}
@misc{SfM,
  author       = {MathWorks},
  howpublished = {\url{https://jp.mathworks.com/help/vision/ug/structure-from-motion.html}},
  title        = {structure form motionの概要},
  year         = {Confirmation date: May 25th, 2023}
}