@misc{key,
  author       = {},
  howpublished = {},
  title        = {},
  year         = {}
}
